% % This file was created with JabRef 2.7.2.
% % Encoding: Cp1251

% @INPROCEEDINGS{stenina2015lomonosov,
%   author = {Стенина, М.М.},
%   title = {Согласование прогнозов иерархических временных рядов как задача поиска
% 	равновесия Нэша в антагонистической игре},
%   booktitle = {Сборник тезисов XXII Международной научной конференции студентов,
% 	аспирантов и молодых ученых <<Ломоносов-2015>>, секция <<Вычислительная
% 	математика и кибернетика>>},
%   year = {2015},
%   pages = {72--74},
%   owner = {MashaAdmin},
%   timestamp = {2015.04.14}
% }

% @INPROCEEDINGS{stenina2014mipt,
%   author = {Стенина, М.М.},
%   title = {Согласование прогнозов иерархических временных рядов как задача поиска
% 	равновесия Нэша в антагонистической игре},
%   booktitle = {Труды 57-й научной конференции МФТИ с международным участием, посвященной
% 	120-летию со дня рождения П.Л. Капицы},
%   year = {2014},
%   pages = {75--76},
%   owner = {MashaAdmin},
%   timestamp = {2015.04.14}
% }

% @comment{jabref-meta: selector_review:}

% @comment{jabref-meta: selector_publisher:}

% @comment{jabref-meta: selector_author:}

% @comment{jabref-meta: selector_journal:}

% @comment{jabref-meta: selector_keywords:}
