@article{Grootswagers2017,
  doi = {10.1162/jocn_a_01068},
  url = {https://doi.org/10.1162/jocn_a_01068},
  year = {2017},
  month = apr,
  publisher = {{MIT} Press - Journals},
  volume = {29},
  number = {4},
  pages = {677--697},
  author = {Tijl Grootswagers and Susan G. Wardle and Thomas A. Carlson},
  title = {Decoding Dynamic Brain Patterns from Evoked Responses: A Tutorial on Multivariate Pattern Analysis Applied to Time Series Neuroimaging Data},
  journal = {Journal of Cognitive Neuroscience}
}

@article{Bao2017,
  doi = {10.1371/journal.pone.0180944},
  url = {https://doi.org/10.1371/journal.pone.0180944},
  year = {2017},
  month = jul,
  publisher = {Public Library of Science ({PLoS})},
  volume = {12},
  number = {7},
  pages = {e0180944},
  author = {Wei Bao and Jun Yue and Yulei Rao},
  editor = {Boris Podobnik},
  title = {A deep learning framework for financial time series using stacked autoencoders and long-short term memory},
  journal = {{PLOS} {ONE}}
}

@article{ISACHENKO2019,
  doi = {10.12783/dtcse/optim2018/27940},
  url = {https://doi.org/10.12783/dtcse/optim2018/27940},
  year = {2019},
  month = feb,
  publisher = {{DEStech} Publications},
  number = {optim},
  author = {Roman Isachenko, Mariia Vladimirova, Vadim Strijov},
  title = {Dimensionality Reduction for Time Series Decoding and Forecasting Problems},
  journal = {{DEStech} Transactions on Computer Science and Engineering}
}
@article{Motrenko2018,
  doi = {10.1016/j.eswa.2018.06.054},
  url = {https://doi.org/10.1016/j.eswa.2018.06.054},
  year = {2018},
  month = dec,
  publisher = {Elsevier {BV}},
  volume = {114},
  pages = {402--413},
  author = {Anastasia Motrenko and Vadim Strijov},
  title = {Multi-way feature selection for {ECoG}-based Brain-Computer Interface},
  journal = {Expert Systems with Applications}
}

@article{Katrutsa2017,
  doi = {10.1016/j.eswa.2017.01.048},
  url = {https://doi.org/10.1016/j.eswa.2017.01.048},
  year = {2017},
  month = jun,
  publisher = {Elsevier {BV}},
  volume = {76},
  pages = {1--11},
  author = {Alexandr Katrutsa and Vadim Strijov},
  title = {Comprehensive study of feature selection methods to solve multicollinearity problem according to evaluation criteria},
  journal = {Expert Systems with Applications}
}

@article{Haenlein2004,
  doi = {10.1207/s15328031us0304_4},
  url = {https://doi.org/10.1207/s15328031us0304_4},
  year = {2004},
  month = nov,
  publisher = {Informa {UK} Limited},
  volume = {3},
  number = {4},
  pages = {283--297},
  author = {Michael Haenlein and Andreas M. Kaplan},
  title = {A Beginner{\textquotesingle}s Guide to Partial Least Squares Analysis},
  journal = {Understanding Statistics}
}
@article{Geladi1988,
  doi = {10.1002/cem.1180020403},
  url = {https://doi.org/10.1002/cem.1180020403},
  year = {1988},
  month = aug,
  publisher = {Wiley},
  volume = {2},
  number = {4},
  pages = {231--246},
  author = {Paul Geladi},
  title = {Notes on the history and nature of partial least squares ({PLS}) modelling},
  journal = {Journal of Chemometrics}
}

@article{RodrguezLujn2010QuadraticPF,
  title={Quadratic Programming Feature Selection},
  author={Irene Rodr{\'i}guez-Luj{\'a}n and Ram{\'o}n Huerta and Charles Peter Elkan and Carlos Santa Cruz},
  journal={J. Mach. Learn. Res.},
  year={2010},
  volume={11},
  pages={1491-1516}
}

@article{Thiruvengadam2020,
  doi = {10.1007/s00006-020-01061-z},
  url = {https://doi.org/10.1007/s00006-020-01061-z},
  year = {2020},
  month = jun,
  publisher = {Springer Science and Business Media {LLC}},
  volume = {30},
  number = {3},
  author = {Sudharsan Thiruvengadam and Jei Shian Tan and Karol Miller},
  title = {Time Series,  Hidden Variables and Spatio-Temporal Ordinality Networks},
  journal = {Advances in Applied Clifford Algebras}
}

@incollection{Lasenby1998,
  doi = {10.1007/978-1-4612-1768-8_5},
  url = {https://doi.org/10.1007/978-1-4612-1768-8_5},
  year = {1998},
  publisher = {Birkh\"{a}user Boston},
  pages = {79--88},
  author = {Joan Lasenby and Anthony N. Lasenby},
  title = {Constrained Optimization Using Geometric Algebra and its Application to Signal Analysis},
  booktitle = {Signal Analysis and Prediction}
}

@article{Yuan2010,
  doi = {10.1111/j.1467-9671.2010.01221.x},
  url = {https://doi.org/10.1111/j.1467-9671.2010.01221.x},
  year = {2010},
  month = jun,
  publisher = {Wiley},
  volume = {14},
  pages = {59--83},
  author = {Linwang Yuan and Zhaoyuan Yu and Shaofei Chen and Wen Luo and Yongjun Wang and Guonian L\"{u}},
  title = {{CAUSTA}: Clifford Algebra-based Unified Spatio-Temporal Analysis},
  journal = {Transactions in {GIS}}
}

@article{Hu2015,
  doi = {10.1007/s00006-015-0574-5},
  url = {https://doi.org/10.1007/s00006-015-0574-5},
  year = {2015},
  month = jul,
  publisher = {Springer Science and Business Media {LLC}},
  volume = {26},
  number = {1},
  pages = {151--168},
  author = {Yong Hu and Wen Luo and Zhaoyuan Yu and Linwang Yuan and Guonian L\"{u}},
  title = {Geometric Algebra-based Modeling and Analysis for Multi-layer,  Multi-temporal Geographic Data},
  journal = {Advances in Applied Clifford Algebras}
}

@incollection{Is2018,
  doi = {10.30826/idp201838},
  url = {https://doi.org/10.30826/idp201838},
  year = {2018},
  month = sep,
  publisher = {{TORUS} {PRESS}},
  pages = {86--87},
  author = {Isachenko R.V., Strijov V.V.},
  title = {Dimensionality Reduction using Projection to Latent Structures for Signal Decoding}
}

@misc{Eric,
  doi = {10.48550/ARXIV.1205.5935},
  
  url = {https://arxiv.org/abs/1205.5935},
  
  author = {Chisolm, Eric},
  
  keywords = {Mathematical Physics (math-ph), FOS: Physical sciences, FOS: Physical sciences},
  
  title = {Geometric Algebra},
  
  publisher = {arXiv},
  
  year = {2012},
  
  copyright = {arXiv.org perpetual, non-exclusive license}
}

@inproceedings{Dorst2007GeometricAF,
  title={Geometric algebra for computer science - an object-oriented approach to geometry},
  author={Leo Dorst and Daniel Fontijne and Stephen Mann},
  booktitle={The Morgan Kaufmann series in computer graphics},
  year={2007}
}

@inproceedings{Miller2013GeometricAA,
  title={Geometric algebra| An introduction with applications in Euclidean and conformal geometry},
  author={Richard Allen Miller},
  year={2013}
}

@book{Cliff,
author = {Vaz, Jayme and Rocha, Rold√£o da},
year = {2016},
month = {07},
pages = {},
title = {"An Introduction to Clifford Algebras and Spinors" (Oxford University Press)},
isbn = {9780198782926}
}

@inproceedings{Sommer2001GeometricCW,
  title={Geometric Computing with Clifford Algebras},
  author={Gerald Sommer},
  booktitle={Springer Berlin Heidelberg},
  year={2001}
}

@misc{ECoG,
  title = {{Food-Tracking Task with ECoG}},
  howpublished = {\url{http://neurotycho.org/epidural-ecog-food-tracking-task}}
}