% % This file was created with JabRef 2.7.2.
% % Encoding: Cp1251

% @ARTICLE{Stenina2015ordinal,
%   author = {M.M. Stenina and M.P. Kuznetsov and V.V. Strijov},
%   title = {Ordinal classification using Pareto fronts },
%   journal = {Expert Systems with Applications },
%   year = {2015},
%   volume = {42},
%   pages = {5947 - 5953},
%   number = {14},
%   doi = {http://dx.doi.org/10.1016/j.eswa.2015.03.021},
%   issn = {0957-4174},
%   keywords = {Ordinal classification},
%   url = {http://www.sciencedirect.com/science/article/pii/S0957417415002158}
% }

% @ARTICLE{gazizullina2015forecasting,
%   author = {Газизуллина, Р.К. and Стенина, М.М. and Стрижов, В.В.},
%   title = {Прогнозирование объемов железнодорожных грузоперевозок по парам веток},
%   journal = {Системы и средства информатики},
%   year = {2015},
%   volume = {25},
%   number = {1},
%   language = {russian},
%   owner = {MashaAdmin},
%   timestamp = {2015.04.14}
% }

% @ARTICLE{kuznetsov2012algorithm,
%   author = {Кузнецов, М.П. and Стрижов, В.В. and Медведникова, М.М.},
%   title = {Алгоритм многоклассовой классификации объектов, описанных в ранговых
% 	шкалах},
%   journal = {Научно-технический вестник С.-Пб. ПГУ. Информатика. Телекоммуникации.
% 	Управление},
%   year = {2012},
%   volume = {5},
%   pages = {92--95},
%   language = {russian}
% }

% @ARTICLE{medvednikova2012pca,
%   author = {Медведникова, М.М.},
%   title = {Использование метода главных компонент при построении интегральных
% 	индикаторов},
%   journal = {Машинное обучение и анализ данных},
%   year = {2012},
%   pages = {292--304},
%   number = {3},
%   language = {russian},
%   owner = {MashaAdmin},
%   timestamp = {2015.04.14}
% }

% @ARTICLE{medvednikova2013construction,
%   author = {Медведникова, М.М. and Стрижов, В.В.},
%   title = {Построение интегрального индикатора качества научных публикаций методами
% 	ко-кластеризации},
%   journal = {Известия Тульского Государственного Университета. Естественные Науки},
%   year = {2013},
%   number = {1},
%   publisher = {Федеральное государственное бюджетное образовательное учреждение
% 	высшего профессионального образования" Тульский государственный университет"}
% }

% @ARTICLE{medvednikova2012algorithm,
%   author = {Медведникова, М.М. and Стрижов, В.В. and Кузнецов, М.П.},
%   title = {Алгоритм многоклассовой монотонной Парето-классификации с выбором
% 	признаков},
%   journal = {Известия Тульского государственного университета. Естественные науки},
%   year = {2012},
%   pages = {132--141},
%   number = {3},
%   language = {russian},
%   publisher = {Федеральное государственное бюджетное образовательное учреждение
% 	высшего профессионального образования" Тульский государственный университет"}
% }

% @ELECTRONIC{kagge2012energy,
%   year = {2012},
%   title = {Global Energy Forecasting Competition 2012},
%   language = {english},
%   url = {https://www.kaggle.com/c/global-energy-forecasting-competition-2012-load-forecasting},
%   owner = {Lenovo},
%   timestamp = {2015.04.26}
% }

% @comment{jabref-meta: selector_publisher:}

% @comment{jabref-meta: selector_review:}

% @comment{jabref-meta: selector_author:}

% @comment{jabref-meta: selector_keywords:}

% @comment{jabref-meta: selector_journal:}
