% % This file was created with JabRef 2.7.2.
% % Encoding: Cp1251

% @BOOK{barberBRML2012,
%   title = {Bayesian Reasoning and Machine Learning},
%   publisher = {Cambridge University Press},
%   year = {2012},
%   author = {Barber, D.}
% }

% @ARTICLE{bregman1967relaxation,
%   author = {Bregman, Lev M.},
%   title = {The relaxation method of finding the common point of convex sets
% 	and its application to the solution of problems in convex programming},
%   journal = {USSR computational mathematics and mathematical physics},
%   year = {1967},
%   volume = {7},
%   pages = {200--217},
%   number = {3},
%   language = {english},

  
%   publisher = {Elsevier},
%   timestamp = {2014.10.29}
% }

% @BOOK{cesa2006prediction,
%   title = {Prediction, learning, and games},
%   publisher = {Cambridge University Press Cambridge},
%   year = {2006},
%   author = {Cesa-Bianchi, Nicolo and Lugosi, G{\'a}bor and others},
%   volume = {1},
%   number = {1.1},

  
%   timestamp = {2014.10.29}
% }

% @ARTICLE{collins1976predicting,
%   author = {Collins, Daniel W.},
%   title = {Predicting earnings with sub-entity data: Some further evidence},
%   journal = {Journal of Accounting Research},
%   year = {1976},
%   volume = {14},
%   pages = {163--177},
%   number = {1},
%   language = {english},

  
%   publisher = {JSTOR},
%   timestamp = {2014.10.29}
% }

% @ARTICLE{dangerfield1992top,
%   author = {Dangerfield, Byron J. and Morris, John S.},
%   title = {Top-down or bottom-up: Aggregate versus disaggregate extrapolations},
%   journal = {International Journal of Forecasting},
%   year = {1992},
%   volume = {8},
%   pages = {233--241},
%   number = {2},
%   language = {english},

  
%   publisher = {Elsevier},
%   timestamp = {2014.10.29}
% }

% @INPROCEEDINGS{dannecker2013efficient,
%   author = {Dannecker, Lars and Lorenz, Robert and R\"{o}sch, Philipp and Lehner,
% 	Wolfgang and Hackenbroich, Gregor},
%   title = {Efficient Forecasting for Hierarchical Time Series},
%   booktitle = {Proceedings of the 22Nd ACM International Conference on Conference
% 	on Information; Knowledge Management},
%   year = {2013},
%   series = {CIKM '13},
%   pages = {2399--2404},
%   address = {New York, NY, USA},
%   publisher = {ACM},
%   acmid = {2505622},
%   isbn = {978-1-4503-2263-8},
%   keywords = {forecasting, hierarchies, optimization, time series},
%   location = {San Francisco, California, USA},
%   numpages = {6}
% }

% @ARTICLE{dunn1976aggregate,
%   author = {Dunn, D.M. and Williams, W.H. and DeChaine, T.L.},
%   title = {Aggregate versus subaggregate models in local area forecasting},
%   journal = {Journal of the American Statistical Association},
%   year = {1976},
%   volume = {71},
%   pages = {68--71},
%   number = {353},
%   language = {english},
%   publisher = {Taylor \& Francis},
%   timestamp = {2014.10.29}
% }

% @ARTICLE{edwards1969should,
%   author = {Edwards, John B. and Orcutt, Guy H.},
%   title = {Should aggregation prior to estimation be the rule?},
%   journal = {The Review of Economics and Statistics},
%   year = {1969},
%   volume = {51},
%   pages = {409--420},
%   number = {4},
%   language = {english},
%   publisher = {JSTOR},
%   timestamp = {2014.10.29}
% }

% @ARTICLE{espasa2002forecasting,
%   author = {Espasa, Antoni and Senra, Eva and Albacete, Rebeca},
%   title = {Forecasting inflation in the European Monetary Union: A disaggregated
% 	approach by countries and by sectors},
%   journal = {The European Journal of Finance},
%   year = {2002},
%   volume = {8},
%   pages = {402--421},
%   number = {4},
%   language = {english},
%   publisher = {Taylor \& Francis},
%   timestamp = {2014.10.29}
% }

% @ARTICLE{fair1990comparing,
%   author = {Fair, Ray C. and Shiller, Robert J.},
%   title = {Comparing information in forecasts from econometric models},
%   journal = {The American Economic Review},
%   year = {1990},
%   volume = {80},
%   pages = {375--389},
%   number = {3},
%   language = {english},
%   publisher = {JSTOR},
%   timestamp = {2014.10.29}
% }

% @INPROCEEDINGS{fischer2013forecasting,
%   author = {Fischer, Ulrike and Schildt, Christopher and Hartmann, Claudio and
% 	Lehner, Wolfgang},
%   title = {Forecasting the data cube: A model configuration advisor for multi-dimensional
% 	data sets},
%   booktitle = {Data Engineering (ICDE), 2013 IEEE 29th International Conference
% 	on},
%   year = {2013},
%   pages = {853--864},
%   organization = {IEEE}
% }

% @ARTICLE{fliedner1995forecasting,
%   author = {Fliedner, Eugene B. and Lawrence, Barry},
%   title = {Forecasting system parent group formation: An empirical application
% 	of cluster analysis},
%   journal = {Journal of Operations Management},
%   year = {1995},
%   volume = {12},
%   pages = {119--130},
%   number = {2},
%   language = {english},
%   publisher = {Elsevier},
%   timestamp = {2014.10.29}
% }

% @ARTICLE{fliedner2001hierarchical,
%   author = {Fliedner, Gene},
%   title = {Hierarchical forecasting: issues and use guidelines},
%   journal = {Industrial Management \& Data Systems},
%   year = {2001},
%   volume = {101},
%   pages = {5--12},
%   number = {1},
%   language = {english},
%   publisher = {MCB UP Ltd},
%   timestamp = {2014.10.29}
% }

% @ARTICLE{fliedner1999investigation,
%   author = {Fliedner, Gene},
%   title = {An investigation of aggregate variable time series forecast strategies
% 	with specific subaggregate time series statistical correlation},
%   journal = {Computers \& Operations Research},
%   year = {1999},
%   volume = {26},
%   pages = {1133--1149},
%   number = {10},
%   language = {english},
%   publisher = {Elsevier},
%   timestamp = {2014.10.29}
% }

% @BOOK{fogarty1991production,
%   title = {Production \& inventory management},
%   publisher = {South-Western Publishing Company},
%   year = {1991},
%   author = {Fogarty, Donald W. and Blackstone, John H. and Hoffmann, Thomas R.},

  
%   timestamp = {2014.10.29}
% }

% @ARTICLE{gneiting2011making,
%   author = {Gneiting, Tilmann},
%   title = {Making and evaluating point forecasts},
%   journal = {Journal of the American Statistical Association},
%   year = {2011},
%   volume = {106},
%   pages = {746--762},
%   number = {494},
%   publisher = {Taylor \& Francis}
% }

% @ARTICLE{griliches1960aggregation,
%   author = {Griliches, Zvi and Grunfeld, Yehuda},
%   title = {Is Aggregation Necessarily Bad?},
%   journal = {Review of Economics and Statistics},
%   year = {1960},
%   volume = {42},
%   pages = {1--13},
%   number = {1},
%   language = {english},

  
%   timestamp = {2014.10.29}
% }

% @ARTICLE{gross1990disaggregation,
%   author = {Gross, Charles W. and Sohl, Jeffrey E.},
%   title = {Disaggregation methods to expedite product line forecasting},
%   journal = {Journal of Forecasting},
%   year = {1990},
%   volume = {9},
%   pages = {233--254},
%   number = {3},
%   language = {english},

  
%   publisher = {Wiley Online Library},
%   timestamp = {2014.10.29}
% }

% @ARTICLE{hubrich2005forecasting,
%   author = {Hubrich, Kirstin},
%   title = {Forecasting euro area inflation: Does aggregating forecasts by HICP
% 	component improve forecast accuracy?},
%   journal = {International Journal of Forecasting},
%   year = {2005},
%   volume = {21},
%   pages = {119--136},
%   number = {1},
%   language = {english},

  
%   publisher = {Elsevier},
%   timestamp = {2014.10.29}
% }

% @ARTICLE{hyndman2011optimal,
%   author = {Hyndman, Rob J. and Ahmed, Roman A. and Athanasopoulos, George and
% 	Shang, Han Lin},
%   title = {Optimal combination forecasts for hierarchical time series},
%   journal = {Computational Statistics \& Data Analysis},
%   year = {2011},
%   volume = {55},
%   pages = {2579--2589},
%   number = {9},
%   language = {english},

  
%   publisher = {Elsevier},
%   timestamp = {2014.10.29}
% }

% @ARTICLE{hyndman2014optimally,
%   author = {Rob J. Hyndman and George Athanasopoulos},
%   title = {Optimally Reconciling Forecasts in a Hierarchy},
%   journal = {Foresight: The International Journal of Applied Forecasting},
%   year = {2014},
%   pages = {42-48},
%   number = {35},
%   month = {Fall},
%   publisher = {International Institute of Forecasters}
% }

% @UNPUBLISHED{hyndman2014fast,
%   author = {Hyndman, Rob J. and Lee, Alan J. and Wang, Earo},
%   title = {Fast computation of reconciled forecasts for hierarchical and grouped
% 	time series},
%   month = {June},
%   year = {2014},
%   owner = {MashaAdmin},
%   timestamp = {2014.11.17},
%   url = {http://robjhyndman.com/papers/hgts4.pdf}
% }

% @ARTICLE{kahn1998revisiting,
%   author = {Kahn, Kenneth B},
%   title = {Revisiting top-down versus bottom-up forecasting},
%   journal = {JOURNAL OF BUSINESS FORECASTING METHODS AND SYSTEMS},
%   year = {1998},
%   volume = {17},
%   pages = {14--19},
%   number = {2},
%   language = {english},

  
%   publisher = {GRACEWAY PUBLISHING COMPANY INC},
%   timestamp = {2014.10.29}
% }

% @ARTICLE{kinney1971predicting,
%   author = {Kinney, William R.},
%   title = {Predicting earnings: entity versus subentity data},
%   journal = {Journal of Accounting Research},
%   year = {1971},
%   volume = {9},
%   pages = {127--136},
%   number = {1},
%   language = {english},

  
%   publisher = {JSTOR},
%   timestamp = {2014.10.29}
% }

% @ARTICLE{kohn1982aggregate,
%   author = {Kohn, Robert},
%   title = {When is an aggregate of a time series efficiently forecast by its
% 	past?},
%   journal = {Journal of Econometrics},
%   year = {1982},
%   volume = {18},
%   pages = {337--349},
%   number = {3},
%   language = {english},

  
%   publisher = {Elsevier},
%   timestamp = {2014.10.29}
% }

% @INPROCEEDINGS{lorenz2013forecasting,
%   author = {Lorenz, Robert and Dannecker, Lars and R\"{o}sch, Philipp and Lehner,
% 	Wolfgang and Hackenbroich, Gregor and Schlegel, Benjamin},
%   title = {Forecasting in Hierarchical Environments},
%   booktitle = {Proceedings of the 25th International Conference on Scientific and
% 	Statistical Database Management},
%   year = {2013},
%   series = {SSDBM},
%   pages = {37:1--37:4},
%   address = {New York, NY, USA},
%   publisher = {ACM},
%   acmid = {2484849},
%   articleno = {37},
%   isbn = {978-1-4503-1921-8},
%   keywords = {forecasting, hierarchy, optimization},
%   location = {Baltimore, Maryland},
%   numpages = {4}
% }

% @ARTICLE{marcellino2003macroeconomic,
%   author = {Marcellino, Massimiliano and Stock, James H. and Watson, Mark W.},
%   title = {Macroeconomic forecasting in the euro area: Country specific versus
% 	area-wide information},
%   journal = {European Economic Review},
%   year = {2003},
%   volume = {47},
%   pages = {1--18},
%   number = {1},
%   language = {english},

  
%   publisher = {Elsevier},
%   timestamp = {2014.10.29}
% }

% @ARTICLE{moon2012development,
%   author = {Moon, Seongmin and Hicks, Christian and Simpson, Andrew},
%   title = {The development of a hierarchical forecasting method for predicting
% 	spare parts demand in the South Korean Navy—A case study},
%   journal = {International Journal of Production Economics},
%   year = {2012},
%   volume = {140},
%   pages = {794--802},
%   number = {2},
%   publisher = {Elsevier}
% }

% @BOOK{narasimhan1995production,
%   title = {Production planning and inventory control},
%   publisher = {Prentice Hall},
%   year = {1995},
%   author = {Narasimhan, Seetharama L. and McLeavey, Dennis W. and Billington,
% 	Peter.},

  
%   timestamp = {2014.10.29}
% }

% @ARTICLE{orcutt1968data,
%   author = {Orcutt, Guy H. and Watts, Harold W. and Edwards, John B.},
%   title = {Data aggregation and information loss},
%   journal = {The American Economic Review},
%   year = {1968},
%   volume = {58},
%   pages = {773--787},
%   number = {4},
%   language = {english},

  
%   publisher = {JSTOR},
%   timestamp = {2014.10.29}
% }

% @INPROCEEDINGS{park2014bayessian,
%   author = {Mijung Park and Marcel Nassar},
%   title = {Variational Bayesian inference for forecasting hierarchical time
% 	series},
%   booktitle = {Divergence Methods in Probabilistic Inference (DMPI) workshop at
% 	International Conference on Machine Learning (ICML)},
%   year = {2014},
%   address = {Beijing, China},
%   owner = {Lenovo},
%   timestamp = {2014.11.11}
% }

% @ARTICLE{patton2011volatility,
%   author = {Patton, Andrew J},
%   title = {Volatility forecast comparison using imperfect volatility proxies},
%   journal = {Journal of Econometrics},
%   year = {2011},
%   volume = {160},
%   pages = {246--256},
%   number = {1},
%   publisher = {Elsevier}
% }

% @ARTICLE{schwarzkopf1988top,
%   author = {Schwarzkopf, Albert B. and Tersine, Richard J. and Morris, John S.},
%   title = {Top-down versus bottom-up forecasting strategies},
%   journal = {The International Journal Of Production Research},
%   year = {1988},
%   volume = {26},
%   pages = {1833--1843},
%   number = {11},
%   language = {english},

  
%   publisher = {Taylor \& Francis},
%   timestamp = {2014.10.29}
% }

% @MASTERSTHESIS{shing1993study,
%   author = {Shing, N.K.},
%   title = {A study of bottom-up and top-down forecasting methods},
%   school = {Melbourne: Royal Melbourne Institute of Technology},
%   year = {1993},

  
%   timestamp = {2014.09.22}
% }

% @ARTICLE{shlifer1979aggregation,
%   author = {Shlifer, E. and Wolff, R.W.},
%   title = {Aggregation and proration in forecasting},
%   journal = {Management Science},
%   year = {1979},
%   volume = {25},
%   pages = {594--603},
%   number = {6},
%   language = {english},

  
%   publisher = {INFORMS},
%   timestamp = {2014.10.29}
% }

% @ARTICLE{solomou1996uk,
%   author = {Solomou, Solomos and Weale, Martin},
%   title = {UK national income, 1920-1938: the implications of balanced estimates1},
%   journal = {The Economic History Review},
%   year = {1996},
%   volume = {49},
%   pages = {101--115},
%   number = {1},
%   language = {english},

  
%   publisher = {Wiley Online Library},
%   timestamp = {2014.10.29}
% }

% @ARTICLE{solomou1993balanced,
%   author = {Solomou, Solomos and Weale, Martin},
%   title = {Balanced estimates of national accounts when measurement errors are
% 	autocorrelated: the UK, 1920-38},
%   journal = {Journal of the Royal Statistical Society. Series A (Statistics in
% 	Society)},
%   year = {1993},
%   volume = {156},
%   pages = {89--105},
%   number = {1},
%   language = {english},

  
%   publisher = {JSTOR},
%   timestamp = {2014.10.29}
% }

% @ARTICLE{solomou1991balanced,
%   author = {Solomou, Solomos and Weale, Martin},
%   title = {Balanced estimates of UK GDP 1870--1913},
%   journal = {Explorations in Economic History},
%   year = {1991},
%   volume = {28},
%   pages = {54--63},
%   number = {1},
%   language = {english},

  
%   publisher = {Elsevier},
%   timestamp = {2014.10.29}
% }

% @ARTICLE{stone1942precision,
%   author = {Stone, Richard and Champernowne, David G. and Meade, James E.},
%   title = {The precision of national income estimates},
%   journal = {The Review of Economic Studies},
%   year = {1942},
%   volume = {9},
%   pages = {111--125},
%   number = {2},
%   language = {english},

  
%   publisher = {JSTOR},
%   timestamp = {2014.10.29}
% }

% @ARTICLE{tiao1980forecasting,
%   author = {Tiao, George C. and Guttman, Irwin},
%   title = {Forecasting contemporal aggregates of multiple time series},
%   journal = {Journal of Econometrics},
%   year = {1980},
%   volume = {12},
%   pages = {219--230},
%   number = {2},
%   language = {english},

  
%   publisher = {Elsevier},
%   timestamp = {2014.10.29}
% }

% @ARTICLE{tibshirani1996regression,
%   author = {Tibshirani, Robert},
%   title = {Regression shrinkage and selection via the lasso},
%   journal = {Journal of the Royal Statistical Society. Series B (Methodological)},
%   year = {1996},
%   volume = {58},
%   pages = {267--288},
%   number = {1},
%   language = {english},

  
%   publisher = {JSTOR},
%   timestamp = {2014.10.29}
% }

% @UNPUBLISHED{vanerven:hal-00920559,
%   author = {Van Erven, Tim and Cugliari, Jairo},
%   title = {Game-theoretically Optimal Reconciliation of Contemporaneous Hierarchical
% 	Time Series Forecasts},
%   year = {2013},

%   abstract = {In hierarchical time series (HTS) forecasting, the hierarchical relation
% 	be- tween multiple time series is exploited to make better forecasts.
% 	This hierarchical relation implies one or more aggregate consistency
% 	constraints that the series are known to satisfy. Many existing approaches,
% 	like for example bottom-up or top- down forecasting, therefore attempt
% 	to achieve this goal in a way that guarantees that the forecasts
% 	will also be aggregate consistent. We propose to split the problem
% 	of HTS into two independent steps: first one comes up with the best
% 	possible fore- casts for the time series without worrying about aggregate
% 	consistency; and then a reconciliation procedure is used to make
% 	the forecasts aggregate consistent. We introduce a Game-Theoretically
% 	OPtimal (GTOP) reconciliation method, which is guaranteed to only
% 	improve any given set of forecasts. This opens up new possibil- ities
% 	for constructing the forecasts. For example, it is not necessary
% 	to assume that bottom-level forecasts are unbiased, and aggregate
% 	forecasts may be constructed by regressing both on bottom-level forecasts
% 	and on other covariates that may only be available at the aggregate
% 	level. We illustrate the benefits of our approach both on simulated
% 	data and on real electricity consumption data.},
%   affiliation = {SELECT - INRIA Saclay - Ile de France , Universit{\'e} Paris-Sud -
% 	Paris 11 , Laboratoire ERIC, Universit{\'e} Lumi{\`e}re Lyon II},
%   hal_id = {hal-00920559},
%   language = {Anglais},
  
%   pdf = {http://hal.inria.fr/hal-00920559/PDF/gtop.pdf},
%   timestamp = {2014.10.29},
%   url = {http://hal.inria.fr/hal-00920559}
% }

% @ARTICLE{weale1988reconciliation,
%   author = {Weale, Martin},
%   title = {The reconciliation of values, volumes and prices in the national
% 	accounts},
%   journal = {Journal of the Royal Statistical Society. Series A (Statistics in
% 	Society)},
%   year = {1988},
%   volume = {151},
%   pages = {211--221},
%   number = {1},
%   language = {english},

  
%   publisher = {JSTOR},
%   timestamp = {2014.10.29}
% }

% @ARTICLE{weale1985testing,
%   author = {Weale, Martin},
%   title = {Testing linear hypothesis on national account data},
%   journal = {The Review of Economics and Statistics},
%   year = {1985},
%   volume = {67},
%   pages = {685--689},
%   number = {4},
%   language = {english},

  
%   publisher = {JSTOR},
%   timestamp = {2014.10.29}
% }

% @ARTICLE{zellner2000note,
%   author = {Zellner, Arnold and Tobias, Justin},
%   title = {A note on aggregation, disaggregation and forecasting performance},
%   journal = {Journal of Forecasting},
%   year = {2000},
%   volume = {19},
%   pages = {457--465},
%   number = {5},
%   language = {english},

  
%   timestamp = {2014.10.29}
% }

% @BOOK{vaschenko2014models,
%   title = {Вычислимые модели и численные методы для анализа тарифной политики
% 	железнодорожных грузоперевозок},
%   publisher = {М.: ВЦ РАН},
%   year = {2014},
%   author = {Ващенко, М.П. and Гасников, А.В. and Молчанов, Е.Г. and Поспелова,
% 	Л.Я. and Шананин, А.А.},
%   language = {russian},
%   owner = {Lenovo},
%   timestamp = {2014.11.10}
% }

% @ARTICLE{gasnikov2015note,
%   author = {Гасников, А.В.},
%   title = {Заметка об эффективной вычислимости конкурентных равновесий в транспортно-экономических
% 	моделях},
%   journal = {Матем. моделирование},
%   year = {2015},
%   language = {russian}
% }

% @ARTICLE{stenina2015reconciliation,
%   author = {Стенина, М.М. and Стрижов, В.В.},
%   title = {Согласование прогнозов при решении задач прогнозирования иерархических
% 	временных рядов},
%   journal = {Информатика и ее применения},
%   year = {2015},
%   volume = {9},
%   number = {2},
%   language = {russian},
%   owner = {Lenovo},
%   timestamp = {2014.11.10}
% }

% @ARTICLE{stenina2014reconciliation,
%   author = {Стенина, М.М. and Стрижов, В.В.},
%   title = {Согласование агрегированных и детализированных прогнозов при решении
% 	задач непараметрического прогнозирования},
%   journal = {Системы и средства информатики},
%   year = {2014},
%   volume = {24},
%   pages = {21--34},
%   number = {2},
%   language = {russian},
%   owner = {Lenovo},
%   timestamp = {2014.06.18}
% }

% @comment{jabref-meta: selector_publisher:}

% @comment{jabref-meta: selector_review:}

% @comment{jabref-meta: selector_author:}

% @comment{jabref-meta: selector_keywords:}

% @comment{jabref-meta: selector_journal:}
