% % This file was created with JabRef 2.7.2.
% % Encoding: Cp1251

% @BOOK{boyd2009convex,
%   title = {Convex optimization},
%   publisher = {Cambridge university press},
%   year = {2009},
%   author = {Boyd, Stephen and Vandenberghe, Lieven}
% }

% @ARTICLE{hong2014global,
%   author = {Hong, Tao and Pinson, Pierre and Fan, Shu},
%   title = {Global energy forecasting competition 2012},
%   journal = {International Journal of Forecasting},
%   year = {2014},
%   volume = {30},
%   pages = {357--363},
%   number = {2},
%   publisher = {Elsevier}
% }

% @ARTICLE{scott1979optimal,
%   author = {Scott, David W},
%   title = {On optimal and data-based histograms},
%   journal = {Biometrika},
%   year = {1979},
%   volume = {66},
%   pages = {605--610},
%   number = {3},
%   publisher = {Biometrika Trust}
% }

% @ARTICLE{medvednikova2012nonparametric,
%   author = {А.С. Вальков and Е.М. Кожанов and М.М. Медведникова and Ф.И. Хусаинов},
%   title = {Непараметрическое прогнозирование загруженности системы железнодорожных
% 	узлов по историческим данным},
%   journal = {Machine Learning},
%   year = {2012},
%   volume = {1},
%   pages = {448--465},
%   number = {4}
% }

% @ARTICLE{kanevsky2008forecasting,
%   author = {Каневский, Д.Ю. and Кудинов, П.Ю. and Воронцов, К.В.},
%   title = {Прогнозирование с несимметричной функцией потерь при наличии стохастического
% 	тренда},
%   journal = {Интеллектуализация обработки информации (ИОИ-2008): тезисы докладов},
%   year = {2008},
%   pages = {113--115}
% }

% @ARTICLE{kuznetsov2011smoothing,
%   author = {Кузнецов, М.П. and Мафусалов, А.А. and Животовский, Н.К. and Зайцев,
% 	Е.Ю. and Сунгуров, Д.С.},
%   title = {Сглаживающие алгоритмы прогнозирования},
%   journal = {Машинное обучение и анализ данных},
%   year = {2011},
%   volume = {1},
%   pages = {104--112},
%   number = {1},
%   language = {russian}
% }

% @BOOK{menshikov2010lections,
% title = {Лекции по теории игр и экономическому моделированию},
% publisher = {М.: МЗ Пресс},
% year = {2010},
% author = {И.С. Меньшиков},
% owner = {Lenovo},
% timestamp = {2014.06.19}
% }

% @BOOK{petrosyan1998theory,
%   title = {Теория игр},
%   publisher = {Книжный Дом" Университет" М.},
%   year = {1998},
%   author = {Л.А. Петросян and Н.А. Зенкевич and Е.А. Семина}
% }

% @ARTICLE{Strijov2012ErrorFn,
%   author = {В. В. Стрижов},
%   title = {Функция ошибки в задачах восстановления регрессии},
%   journal = {Заводская лаборатория. Диагностика материалов},
%   year = {2013},
%   volume = {79(5)},
%   pages = {65-73}
% }

% @ELECTRONIC{kaggle,
%   title = {https://www.kaggle.com},
%   url = {https://www.kaggle.com/},
%   owner = {Маша},
%   timestamp = {2014.09.23}
% }

% @comment{jabref-meta: selector_review:}

% @comment{jabref-meta: selector_publisher:}

% @comment{jabref-meta: selector_author:}

% @comment{jabref-meta: selector_journal:}

% @comment{jabref-meta: selector_keywords:}
